@inproceedings{stacchiodeep,
  title={Deep Armocromia: A Novel Dataset for Face Seasonal Color Analysis and Classification},
  author={Lorenzo Stacchio and
          Marina Paolanti and
          Francesca Spigarelli and
          Emanuele Frontoni},
  booktitle={European Conference on Computer Vision (ECCV) Workshops},
  pages={1--16},
  year={2024},
  organization={Springer}
}


@inproceedings{radford2021learning,
  title={Learning transferable visual models from natural language supervision},
  author={Radford, Alec and Kim, Jong Wook and Hallacy, Chris and Ramesh, Aditya and Goh, Gabriel and Agarwal, Sandhini and Sastry, Girish and Askell, Amanda and Mishkin, Pamela and Clark, Jack and others},
  booktitle={International conference on machine learning},
  pages={8748--8763},
  year={2021},
  organization={PMLR}
}

@article{hu2021lora,
  title={Lora: Low-rank adaptation of large language models},
  author={Hu, Edward J and Shen, Yelong and Wallis, Phillip and Allen-Zhu, Zeyuan and Li, Yuanzhi and Wang, Shean and Wang, Lu and Chen, Weizhu},
  journal={arXiv preprint arXiv:2106.09685},
  year={2021}
}

@inproceedings{zhou2022conditional,
  title={Conditional prompt learning for vision-language models},
  author={Zhou, Kaiyang and Yang, Jingkang and Loy, Chen Change and Liu, Ziwei},
  booktitle={Proceedings of the IEEE/CVF conference on computer vision and pattern recognition},
  pages={16816--16825},
  year={2022}
}

@article{liu2021p,
  title={P-tuning v2: Prompt tuning can be comparable to fine-tuning universally across scales and tasks},
  author={Liu, Xiao and Ji, Kaixuan and Fu, Yicheng and Tam, Weng Lam and Du, Zhengxiao and Yang, Zhilin and Tang, Jie},
  journal={arXiv preprint arXiv:2110.07602},
  year={2021}
}

@article{zhou2022learning,
  title={Learning to prompt for vision-language models},
  author={Zhou, Kaiyang and Yang, Jingkang and Loy, Chen Change and Liu, Ziwei},
  journal={International Journal of Computer Vision},
  volume={130},
  number={9},
  pages={2337--2348},
  year={2022},
  publisher={Springer}
}

@inproceedings{wei2023improving,
  title={Improving clip fine-tuning performance},
  author={Wei, Yixuan and Hu, Han and Xie, Zhenda and Liu, Ze and Zhang, Zheng and Cao, Yue and Bao, Jianmin and Chen, Dong and Guo, Baining},
  booktitle={Proceedings of the IEEE/CVF International Conference on Computer Vision},
  pages={5439--5449},
  year={2023}
}

@article{li2021prefix,
  title={Prefix-tuning: Optimizing continuous prompts for generation},
  author={Li, Xiang Lisa and Liang, Percy},
  journal={arXiv preprint arXiv:2101.00190},
  year={2021}
}
